<?xml version="1.0" encoding="UTF-8"?><collection xmlns="http://www.loc.gov/MARC21/slim"><record><leader>00435nam--2200169-i-4500</leader><controlfield tag="001">000005376</controlfield><controlfield tag="002">20161230</controlfield><controlfield tag="005">20161230201026</controlfield><controlfield tag="008">060222s1000------------r-----000-0-fre-d</controlfield><datafield ind1=" " ind2=" " tag="041"><subfield code="a">fre</subfield></datafield><datafield ind1=" " ind2=" " tag="080"><subfield code="a">539.17</subfield></datafield><datafield ind1="1" ind2=" " tag="100"><subfield code="a">Bishop,A.S</subfield></datafield><datafield ind1="1" ind2="0" tag="245"><subfield code="a">Vers la maitrise de la fusion thermonucleaire. projet sherwood</subfield><subfield code="c">A.s. bishop</subfield></datafield><datafield ind1=" " ind2=" " tag="260"><subfield code="a">Paris, Dunod, 196o</subfield></datafield><datafield ind1=" " ind2=" " tag="300"><subfield code="a">199 P</subfield></datafield><datafield ind1=" " ind2=" " tag="852"><subfield code="a">14999</subfield><subfield code="c">533.9</subfield></datafield><datafield ind1=" " ind2=" " tag="CAT"><subfield code="a">Sys</subfield><subfield code="c">20100917</subfield><subfield code="h">130802</subfield></datafield></record></collection>